%example bibtex
@book{schnabel2017elektronik,
  title={Elektronik-Fibel},
  author={Schnabel, Patrick},
  year={2017},
  publisher={Elektronik-Kompendium}
}
